[gd_scene load_steps=6 format=2]

[ext_resource path="res://scenes_and_scripts/player/truck.tscn" type="PackedScene" id=1]
[ext_resource path="res://scenes_and_scripts/player/player.gd" type="Script" id=2]
[ext_resource path="res://assets/sounds/player/ga_sounds_player_punishment.wav" type="AudioStream" id=3]
[ext_resource path="res://assets/sounds/player/ga_sounds_player_eat.wav" type="AudioStream" id=4]
[ext_resource path="res://assets/sounds/player/ga_sounds_player_drink.wav" type="AudioStream" id=5]

[node name="Player" type="Spatial"]
script = ExtResource( 2 )
_hunger_ticker = NodePath("Hunger")
_thirst_ticker = NodePath("Thirst")
_bladder_ticker = NodePath("Bladder")
_fatigue_ticker = NodePath("Fatigue")
_offroad_ticker = NodePath("Offroad")
offroad_fine = 3
money_getting_paid = 1.0
expected_meters_per_second = 0.4

[node name="Truck" parent="." instance=ExtResource( 1 )]

[node name="RewardAudio" type="AudioStreamPlayer" parent="."]
stream = ExtResource( 3 )
volume_db = -20.0

[node name="SpeedingAudio" type="AudioStreamPlayer" parent="."]
stream = ExtResource( 3 )

[node name="Hunger" type="Timer" parent="."]

[node name="Thirst" type="Timer" parent="."]

[node name="Bladder" type="Timer" parent="."]

[node name="Fatigue" type="Timer" parent="."]

[node name="Life" type="Timer" parent="."]

[node name="Offroad" type="Timer" parent="."]

[node name="Eating" type="AudioStreamPlayer" parent="."]
stream = ExtResource( 4 )

[node name="Drinking" type="AudioStreamPlayer" parent="."]
stream = ExtResource( 5 )
volume_db = 10.0

[connection signal="timeout" from="Hunger" to="." method="_on_Hunger_timeout"]
[connection signal="timeout" from="Thirst" to="." method="_on_Thirst_timeout"]
[connection signal="timeout" from="Bladder" to="." method="_on_Bladder_timeout"]
[connection signal="timeout" from="Fatigue" to="." method="_on_Fatigue_timeout"]
[connection signal="timeout" from="Life" to="." method="_on_Life_timeout"]
[connection signal="timeout" from="Offroad" to="." method="_on_Offroad_timeout"]
