[gd_scene load_steps=3 format=2]

[ext_resource path="res://scenes_and_scripts/grid_map/traffic/highway_speed_limit.tscn" type="PackedScene" id=1]
[ext_resource path="res://assets/3d/streets/ga_gm_streets_countryroad_curve_big.obj" type="ArrayMesh" id=2]

[node name="Spatial" type="Spatial"]

[node name="ga_gm_streets_countryroad_curve_big" type="MeshInstance" parent="."]
visible = false
mesh = ExtResource( 2 )
material/0 = null
material/1 = null
material/2 = null
material/3 = null

[node name="HighwaySpeedLimit" parent="." instance=ExtResource( 1 )]
transform = Transform( 0.995, 0, 0, 0, 1, 0, 0, 0, 1.303, -79.6267, 0, -0.0226245 )

[node name="HighwaySpeedLimit2" parent="." instance=ExtResource( 1 )]
transform = Transform( 0.995, 0, 0, 0, 1, 0, 0, 0, 1.303, -68.6635, 0, -0.0226245 )

[node name="HighwaySpeedLimit3" parent="." instance=ExtResource( 1 )]
transform = Transform( 0.995, 0, 0, 0, 1, 0, 0, 0, 1.303, -57.9689, 0, -0.0226245 )

[node name="HighwaySpeedLimit4" parent="." instance=ExtResource( 1 )]
transform = Transform( 0.988972, 0, 0.14321, 0, 1, 0, -0.109358, 0, 1.29511, -46.9334, 0, -0.993886 )

[node name="HighwaySpeedLimit5" parent="." instance=ExtResource( 1 )]
transform = Transform( 0.970538, 0, 0.287147, 0, 1, 0, -0.219272, 0, 1.27097, -36.4923, 0, -2.61266 )

[node name="HighwaySpeedLimit6" parent="." instance=ExtResource( 1 )]
transform = Transform( 0.917563, 0, 0.503968, 0, 1, 0, -0.384841, 0, 1.20159, -26.3345, 0, -5.76926 )

[node name="HighwaySpeedLimit7" parent="." instance=ExtResource( 1 )]
transform = Transform( 0.769035, 0, 0.82679, 0, 1, 0, -0.631356, 0, 1.00709, -16.9457, 0, -11.5159 )

[node name="HighwaySpeedLimit8" parent="." instance=ExtResource( 1 )]
transform = Transform( 0.563546, 0, 1.07386, 0, 1, 0, -0.820025, 0, 0.73799, -10.1063, 0, -19.205 )

[node name="HighwaySpeedLimit9" parent="." instance=ExtResource( 1 )]
transform = Transform( 0.361953, 0, 1.21373, 0, 1, 0, -0.926831, 0, 0.473994, -5.37145, 0, -28.8772 )

[node name="HighwaySpeedLimit10" parent="." instance=ExtResource( 1 )]
transform = Transform( 0.176678, 0, 1.28229, 0, 1, 0, -0.979188, 0, 0.231368, -2.66001, 0, -39.3183 )

[node name="HighwaySpeedLimit11" parent="." instance=ExtResource( 1 )]
transform = Transform( 0.0887957, 0, 1.2978, 0, 1, 0, -0.99103, 0, 0.116282, -0.9603, 0, -49.5165 )

[node name="HighwaySpeedLimit12" parent="." instance=ExtResource( 1 )]
transform = Transform( 0.0381438, 0, 1.30204, 0, 1, 0, -0.994268, 0, 0.0499511, -0.272322, 0, -59.7552 )

[node name="HighwaySpeedLimit13" parent="." instance=ExtResource( 1 )]
transform = Transform( 0.0381438, 0, 1.30204, 0, 1, 0, -0.994268, 0, 0.0499511, -0.0295076, 0, -70.0344 )

[node name="HighwaySpeedLimit14" parent="." instance=ExtResource( 1 )]
transform = Transform( 0.00750202, 0, 1.30296, 0, 1, 0, -0.994972, 0, 0.00982422, 0.0430274, 0, -80.1894 )

[node name="HighwaySpeedLimit15" parent="." instance=ExtResource( 1 )]
transform = Transform( 0.00750202, 0, 1.30296, 0, 1, 0, -0.994972, 0, 0.00982422, 0.115562, 0, -90.1267 )
