[gd_scene load_steps=25 format=2]

[ext_resource path="res://assets/3d/buildings/city/ga_gm_environment_city_house_small_red.obj" type="ArrayMesh" id=1]
[ext_resource path="res://assets/3d/buildings/city/ga_gm_environment_city_house_medium_beige.obj" type="ArrayMesh" id=2]
[ext_resource path="res://assets/3d/buildings/city/ga_gm_environment_city_house_medium_red.obj" type="ArrayMesh" id=3]
[ext_resource path="res://assets/3d/buildings/city/ga_gm_environment_city_house_medium_grey.obj" type="ArrayMesh" id=4]
[ext_resource path="res://assets/3d/buildings/city/ga_gm_environment_city_house_medium_brown.obj" type="ArrayMesh" id=5]
[ext_resource path="res://assets/3d/buildings/city/ga_gm_environment_city_house_small_beige.obj" type="ArrayMesh" id=6]
[ext_resource path="res://assets/3d/buildings/city/ga_gm_environment_city_house_small_brown.obj" type="ArrayMesh" id=7]
[ext_resource path="res://assets/3d/buildings/city/ga_gm_environment_city_house_small_grey.obj" type="ArrayMesh" id=8]
[ext_resource path="res://assets/3d/buildings/city/ga_gm_environment_city_house_tall_beige.obj" type="ArrayMesh" id=9]
[ext_resource path="res://assets/3d/buildings/city/ga_gm_environment_city_house_tall_brown.obj" type="ArrayMesh" id=10]
[ext_resource path="res://assets/3d/buildings/city/ga_gm_environment_city_house_tall_grey.obj" type="ArrayMesh" id=11]
[ext_resource path="res://assets/3d/buildings/city/ga_gm_environment_city_house_tall_red.obj" type="ArrayMesh" id=12]

[sub_resource type="ConvexPolygonShape" id=19]
points = PoolVector3Array( -5.15, 5.99969, -5.15, -1.29657, 0, -5.13588, -5.12278, 0, -5.12278, -5.13588, 0, -1.29657, -5.15, 5.99969, 5.15, -5.15, 6.22515, -5.15, 5.15, 5.99969, -5.15, 1.29557, 0, -5.13588, -5.13588, 0, 1.29557, -5.15, 6.22515, 5.15, -5.12278, 0, 5.12177, -1.29657, 0, 5.13488, 5.15, 5.99969, 5.15, 5.15, 6.22515, -5.15, 5.13488, 0, -1.29657, 5.12278, 0, -5.12278, 5.15, 6.22515, 5.15, 1.29557, 0, 5.13488, 5.12278, 0, 5.12177, 5.13488, 0, 1.29557 )

[sub_resource type="ConvexPolygonShape" id=21]
points = PoolVector3Array( 5.15, 10.2251, 5.15, -5.15, 10.2251, 5.15, 5.15, 9.99994, 5.15, 5.15, 10.2251, -5.15, -5.15, 9.99994, 5.15, -5.15, 10.2251, -5.15, 1.29557, 0, 5.13488, 5.12278, 0, 5.12177, 5.13488, 0, 1.29557, 5.15, 9.99994, -5.15, -5.13588, 0, 1.29557, -5.12278, 0, 5.12177, -1.29657, 0, 5.13488, -5.15, 9.99994, -5.15, 5.13488, 0, -1.29657, 5.12278, 0, -5.12278, 1.29557, 0, -5.13588, -5.13588, 0, -1.29657, -1.29657, 0, -5.13588, -5.12278, 0, -5.12278 )

[sub_resource type="ConvexPolygonShape" id=22]
points = PoolVector3Array( 5.15, 10.2251, 5.15, -5.15, 10.2251, 5.15, 5.15, 9.99994, 5.15, 5.15, 10.2251, -5.15, -5.15, 9.99994, 5.15, -5.15, 10.2251, -5.15, 1.29557, 0, 5.13488, 5.12278, 0, 5.12177, 5.13488, 0, 1.29557, 5.15, 9.99994, -5.15, -5.13588, 0, 1.29557, -5.12278, 0, 5.12177, -1.29657, 0, 5.13488, -5.15, 9.99994, -5.15, 5.13488, 0, -1.29657, 5.12278, 0, -5.12278, 1.29557, 0, -5.13588, -5.13588, 0, -1.29657, -1.29657, 0, -5.13588, -5.12278, 0, -5.12278 )

[sub_resource type="ConvexPolygonShape" id=23]
points = PoolVector3Array( 5.15, 10.2251, 5.15, -5.15, 10.2251, 5.15, 5.15, 9.99994, 5.15, 5.15, 10.2251, -5.15, -5.15, 9.99994, 5.15, -5.15, 10.2251, -5.15, 1.29557, 0, 5.13488, 5.12278, 0, 5.12177, 5.13488, 0, 1.29557, 5.15, 9.99994, -5.15, -5.13588, 0, 1.29557, -5.12278, 0, 5.12177, -1.29657, 0, 5.13488, -5.15, 9.99994, -5.15, 5.13488, 0, -1.29657, 5.12278, 0, -5.12278, 1.29557, 0, -5.13588, -5.13588, 0, -1.29657, -1.29657, 0, -5.13588, -5.12278, 0, -5.12278 )

[sub_resource type="ConvexPolygonShape" id=24]
points = PoolVector3Array( 5.15, 10.2251, 5.15, -5.15, 10.2251, 5.15, 5.15, 9.99994, 5.15, 5.15, 10.2251, -5.15, -5.15, 9.99994, 5.15, -5.15, 10.2251, -5.15, 1.29557, 0, 5.13488, 5.12278, 0, 5.12177, 5.13488, 0, 1.29557, 5.15, 9.99994, -5.15, -5.13588, 0, 1.29557, -5.12278, 0, 5.12177, -1.29657, 0, 5.13488, -5.15, 9.99994, -5.15, 5.13488, 0, -1.29657, 5.12278, 0, -5.12278, 1.29557, 0, -5.13588, -5.13588, 0, -1.29657, -1.29657, 0, -5.13588, -5.12278, 0, -5.12278 )

[sub_resource type="ConvexPolygonShape" id=20]
points = PoolVector3Array( -5.15, 5.99969, -5.15, -1.29657, 0, -5.13588, -5.12278, 0, -5.12278, -5.13588, 0, -1.29657, -5.15, 5.99969, 5.15, -5.15, 6.22515, -5.15, 5.15, 5.99969, -5.15, 1.29557, 0, -5.13588, -5.13588, 0, 1.29557, -5.15, 6.22515, 5.15, -5.12278, 0, 5.12177, -1.29657, 0, 5.13488, 5.15, 5.99969, 5.15, 5.15, 6.22515, -5.15, 5.13488, 0, -1.29657, 5.12278, 0, -5.12278, 5.15, 6.22515, 5.15, 1.29557, 0, 5.13488, 5.12278, 0, 5.12177, 5.13488, 0, 1.29557 )

[sub_resource type="ConvexPolygonShape" id=13]
points = PoolVector3Array( -5.15, 5.99969, -5.15, -1.29657, 0, -5.13588, -5.12278, 0, -5.12278, -5.13588, 0, -1.29657, -5.15, 5.99969, 5.15, -5.15, 6.22515, -5.15, 5.15, 5.99969, -5.15, 1.29557, 0, -5.13588, -5.13588, 0, 1.29557, -5.15, 6.22515, 5.15, -5.12278, 0, 5.12177, -1.29657, 0, 5.13488, 5.15, 5.99969, 5.15, 5.15, 6.22515, -5.15, 5.13488, 0, -1.29657, 5.12278, 0, -5.12278, 5.15, 6.22515, 5.15, 1.29557, 0, 5.13488, 5.12278, 0, 5.12177, 5.13488, 0, 1.29557 )

[sub_resource type="ConvexPolygonShape" id=14]
points = PoolVector3Array( -5.15, 5.99969, -5.15, -1.29657, 0, -5.13588, -5.12278, 0, -5.12278, -5.13588, 0, -1.29657, -5.15, 5.99969, 5.15, -5.15, 6.22515, -5.15, 5.15, 5.99969, -5.15, 1.29557, 0, -5.13588, -5.13588, 0, 1.29557, -5.15, 6.22515, 5.15, -5.12278, 0, 5.12177, -1.29657, 0, 5.13488, 5.15, 5.99969, 5.15, 5.15, 6.22515, -5.15, 5.13488, 0, -1.29657, 5.12278, 0, -5.12278, 5.15, 6.22515, 5.15, 1.29557, 0, 5.13488, 5.12278, 0, 5.12177, 5.13488, 0, 1.29557 )

[sub_resource type="ConvexPolygonShape" id=15]
points = PoolVector3Array( -5.15, 15.9996, -5.15, -5.15, 15.9996, 5.15, -5.15, 16.2251, -5.15, 5.15, 15.9996, -5.15, -1.29657, 0, -5.13588, -5.12278, 0, -5.12278, -5.13588, 0, -1.29657, 5.15, 15.9996, 5.15, -5.15, 16.2251, 5.15, -5.13588, 0, 1.29557, -5.12278, 0, 5.12177, -1.29657, 0, 5.13488, 5.15, 16.2251, -5.15, 5.13488, 0, -1.29657, 5.12278, 0, -5.12278, 1.29557, 0, -5.13588, 5.15, 16.2251, 5.15, 1.29557, 0, 5.13488, 5.12278, 0, 5.12177, 5.13488, 0, 1.29557 )

[sub_resource type="ConvexPolygonShape" id=16]
points = PoolVector3Array( -5.15, 15.9996, -5.15, -5.15, 15.9996, 5.15, -5.15, 16.2251, -5.15, 5.15, 15.9996, -5.15, -1.29657, 0, -5.13588, -5.12278, 0, -5.12278, -5.13588, 0, -1.29657, 5.15, 15.9996, 5.15, -5.15, 16.2251, 5.15, -5.13588, 0, 1.29557, -5.12278, 0, 5.12177, -1.29657, 0, 5.13488, 5.15, 16.2251, -5.15, 5.13488, 0, -1.29657, 5.12278, 0, -5.12278, 1.29557, 0, -5.13588, 5.15, 16.2251, 5.15, 1.29557, 0, 5.13488, 5.12278, 0, 5.12177, 5.13488, 0, 1.29557 )

[sub_resource type="ConvexPolygonShape" id=17]
points = PoolVector3Array( -5.15, 15.9996, -5.15, -5.15, 15.9996, 5.15, -5.15, 16.2251, -5.15, 5.15, 15.9996, -5.15, -1.29657, 0, -5.13588, -5.12278, 0, -5.12278, -5.13588, 0, -1.29657, 5.15, 15.9996, 5.15, -5.15, 16.2251, 5.15, -5.13588, 0, 1.29557, -5.12278, 0, 5.12177, -1.29657, 0, 5.13488, 5.15, 16.2251, -5.15, 5.13488, 0, -1.29657, 5.12278, 0, -5.12278, 1.29557, 0, -5.13588, 5.15, 16.2251, 5.15, 1.29557, 0, 5.13488, 5.12278, 0, 5.12177, 5.13488, 0, 1.29557 )

[sub_resource type="ConvexPolygonShape" id=18]
points = PoolVector3Array( -5.15, 15.9996, -5.15, -5.15, 15.9996, 5.15, -5.15, 16.2251, -5.15, 5.15, 15.9996, -5.15, -1.29657, 0, -5.13588, -5.12278, 0, -5.12278, -5.13588, 0, -1.29657, 5.15, 15.9996, 5.15, -5.15, 16.2251, 5.15, -5.13588, 0, 1.29557, -5.12278, 0, 5.12177, -1.29657, 0, 5.13488, 5.15, 16.2251, -5.15, 5.13488, 0, -1.29657, 5.12278, 0, -5.12278, 1.29557, 0, -5.13588, 5.15, 16.2251, 5.15, 1.29557, 0, 5.13488, 5.12278, 0, 5.12177, 5.13488, 0, 1.29557 )

[node name="Buildings" type="Spatial"]

[node name="ga_gm_environment_city_house_small_red" type="MeshInstance" parent="."]
transform = Transform( 1, 0, 0, 0, 1, 0, 0, 0, 1, 0, 0, -12 )
mesh = ExtResource( 1 )
material/0 = null
material/1 = null
material/2 = null
material/3 = null

[node name="StaticBody" type="StaticBody" parent="ga_gm_environment_city_house_small_red"]

[node name="CollisionShape" type="CollisionShape" parent="ga_gm_environment_city_house_small_red/StaticBody"]
shape = SubResource( 19 )

[node name="ga_gm_environment_city_house_medium_beige" type="MeshInstance" parent="."]
transform = Transform( 1, 0, 0, 0, 1, 0, 0, 0, 1, 13, 0, 1 )
mesh = ExtResource( 2 )
material/0 = null
material/1 = null
material/2 = null
material/3 = null

[node name="StaticBody" type="StaticBody" parent="ga_gm_environment_city_house_medium_beige"]

[node name="CollisionShape" type="CollisionShape" parent="ga_gm_environment_city_house_medium_beige/StaticBody"]
shape = SubResource( 21 )

[node name="ga_gm_environment_city_house_medium_brown" type="MeshInstance" parent="."]
transform = Transform( 1, 0, 0, 0, 1, 0, 0, 0, 1, 13, 0, 13 )
mesh = ExtResource( 5 )
skeleton = NodePath("../ga_gm_environment_city_house_medium_beige")
material/0 = null
material/1 = null
material/2 = null
material/3 = null

[node name="StaticBody" type="StaticBody" parent="ga_gm_environment_city_house_medium_brown"]

[node name="CollisionShape" type="CollisionShape" parent="ga_gm_environment_city_house_medium_brown/StaticBody"]
shape = SubResource( 22 )

[node name="ga_gm_environment_city_house_medium_grey" type="MeshInstance" parent="."]
transform = Transform( 1, 0, 0, 0, 1, 0, 0, 0, 1, 13, 0, 25 )
mesh = ExtResource( 4 )
skeleton = NodePath("../ga_gm_environment_city_house_medium_brown")
material/0 = null
material/1 = null
material/2 = null
material/3 = null

[node name="StaticBody" type="StaticBody" parent="ga_gm_environment_city_house_medium_grey"]

[node name="CollisionShape" type="CollisionShape" parent="ga_gm_environment_city_house_medium_grey/StaticBody"]
shape = SubResource( 23 )

[node name="ga_gm_environment_city_house_medium_red" type="MeshInstance" parent="."]
transform = Transform( 1, 0, 0, 0, 1, 0, 0, 0, 1, 13, 0, -12 )
mesh = ExtResource( 3 )
material/0 = null
material/1 = null
material/2 = null
material/3 = null

[node name="StaticBody" type="StaticBody" parent="ga_gm_environment_city_house_medium_red"]

[node name="CollisionShape" type="CollisionShape" parent="ga_gm_environment_city_house_medium_red/StaticBody"]
shape = SubResource( 24 )

[node name="ga_gm_environment_city_house_small_beige" type="MeshInstance" parent="."]
transform = Transform( 1, 0, 0, 0, 1, 0, 0, 0, 1, 0, 0, 1 )
mesh = ExtResource( 6 )
material/0 = null
material/1 = null
material/2 = null
material/3 = null

[node name="StaticBody" type="StaticBody" parent="ga_gm_environment_city_house_small_beige"]

[node name="CollisionShape" type="CollisionShape" parent="ga_gm_environment_city_house_small_beige/StaticBody"]
shape = SubResource( 20 )

[node name="ga_gm_environment_city_house_small_grey" type="MeshInstance" parent="."]
transform = Transform( 1, 0, 0, 0, 1, 0, 0, 0, 1, 0, 0, 25 )
mesh = ExtResource( 8 )
material/0 = null
material/1 = null
material/2 = null
material/3 = null

[node name="StaticBody" type="StaticBody" parent="ga_gm_environment_city_house_small_grey"]

[node name="CollisionShape" type="CollisionShape" parent="ga_gm_environment_city_house_small_grey/StaticBody"]
shape = SubResource( 13 )

[node name="ga_gm_environment_city_house_small_brown" type="MeshInstance" parent="."]
transform = Transform( 1, 0, 0, 0, 1, 0, 0, 0, 1, 0, 0, 13 )
mesh = ExtResource( 7 )
skeleton = NodePath("../ga_gm_environment_city_house_small_beige")
material/0 = null
material/1 = null
material/2 = null
material/3 = null

[node name="StaticBody" type="StaticBody" parent="ga_gm_environment_city_house_small_brown"]

[node name="CollisionShape" type="CollisionShape" parent="ga_gm_environment_city_house_small_brown/StaticBody"]
shape = SubResource( 14 )

[node name="ga_gm_environment_city_house_tall_beige" type="MeshInstance" parent="."]
transform = Transform( 1, 0, 0, 0, 1, 0, 0, 0, 1, 26, 0, 0 )
mesh = ExtResource( 9 )
material/0 = null
material/1 = null
material/2 = null
material/3 = null

[node name="StaticBody" type="StaticBody" parent="ga_gm_environment_city_house_tall_beige"]

[node name="CollisionShape" type="CollisionShape" parent="ga_gm_environment_city_house_tall_beige/StaticBody"]
shape = SubResource( 15 )

[node name="ga_gm_environment_city_house_tall_brown" type="MeshInstance" parent="."]
transform = Transform( 1, 0, 0, 0, 1, 0, 0, 0, 1, 26, 0, 13 )
mesh = ExtResource( 10 )
material/0 = null
material/1 = null
material/2 = null
material/3 = null

[node name="StaticBody" type="StaticBody" parent="ga_gm_environment_city_house_tall_brown"]

[node name="CollisionShape" type="CollisionShape" parent="ga_gm_environment_city_house_tall_brown/StaticBody"]
shape = SubResource( 16 )

[node name="ga_gm_environment_city_house_tall_grey" type="MeshInstance" parent="."]
transform = Transform( 1, 0, 0, 0, 1, 0, 0, 0, 1, 26, 0, 25 )
mesh = ExtResource( 11 )
material/0 = null
material/1 = null
material/2 = null
material/3 = null

[node name="StaticBody" type="StaticBody" parent="ga_gm_environment_city_house_tall_grey"]

[node name="CollisionShape" type="CollisionShape" parent="ga_gm_environment_city_house_tall_grey/StaticBody"]
shape = SubResource( 17 )

[node name="ga_gm_environment_city_house_tall_red" type="MeshInstance" parent="."]
transform = Transform( 1, 0, 0, 0, 1, 0, 0, 0, 1, 26, 0, -12 )
mesh = ExtResource( 12 )
material/0 = null
material/1 = null
material/2 = null
material/3 = null

[node name="StaticBody" type="StaticBody" parent="ga_gm_environment_city_house_tall_red"]

[node name="CollisionShape" type="CollisionShape" parent="ga_gm_environment_city_house_tall_red/StaticBody"]
shape = SubResource( 18 )
