[gd_scene load_steps=9 format=2]

[ext_resource path="res://assets/fonts/lambda/Lambda-Regular.ttf" type="DynamicFontData" id=1]
[ext_resource path="res://assets/fonts/credits_category.tres" type="DynamicFont" id=2]
[ext_resource path="res://assets/hud/font_data/ga_hud_fontdata_small.tres" type="DynamicFont" id=3]
[ext_resource path="res://scenes_and_scripts/hud/Credits.gd" type="Script" id=4]
[ext_resource path="res://assets/sounds/music/ga_music_other_credits.ogg" type="AudioStream" id=5]

[sub_resource type="DynamicFont" id=1]
size = 40
font_data = ExtResource( 1 )

[sub_resource type="Animation" id=3]
length = 0.001
tracks/0/type = "value"
tracks/0/path = NodePath("CenterContainer:rect_position")
tracks/0/interp = 1
tracks/0/loop_wrap = true
tracks/0/imported = false
tracks/0/enabled = true
tracks/0/keys = {
"times": PoolRealArray( 0 ),
"transitions": PoolRealArray( 1 ),
"update": 0,
"values": [ Vector2( 545, 250 ) ]
}

[sub_resource type="Animation" id=2]
resource_name = "Rolling"
length = 120.0
tracks/0/type = "value"
tracks/0/path = NodePath("CenterContainer:rect_position")
tracks/0/interp = 1
tracks/0/loop_wrap = true
tracks/0/imported = false
tracks/0/enabled = true
tracks/0/keys = {
"times": PoolRealArray( 0, 120 ),
"transitions": PoolRealArray( 1, 1 ),
"update": 0,
"values": [ Vector2( 545, 1100 ), Vector2( 545, -3800 ) ]
}

[node name="Credits" type="Control"]
anchor_right = 1.0
anchor_bottom = 1.0
script = ExtResource( 4 )
__meta__ = {
"_edit_use_anchors_": false
}

[node name="ColorRect" type="ColorRect" parent="."]
anchor_right = 1.0
anchor_bottom = 1.0
color = Color( 0, 0, 0, 1 )
__meta__ = {
"_edit_use_anchors_": false
}

[node name="CenterContainer" type="CenterContainer" parent="."]
anchor_left = 0.5
anchor_top = 0.5
anchor_right = 0.5
anchor_bottom = 0.5
margin_left = 545.0
margin_top = 250.0
margin_right = 1397.0
margin_bottom = 3983.0
__meta__ = {
"_edit_use_anchors_": false
}

[node name="VBoxContainer" type="VBoxContainer" parent="CenterContainer"]
margin_top = 54.0
margin_right = 852.0
margin_bottom = 3679.0
custom_constants/separation = 50

[node name="Beginning2" type="Label" parent="CenterContainer/VBoxContainer"]
margin_right = 852.0
margin_bottom = 47.0
custom_fonts/font = SubResource( 1 )
text = "Truck Driving With Tears in My Eyes"
align = 1

[node name="Beginning" type="VBoxContainer" parent="CenterContainer/VBoxContainer"]
margin_top = 97.0
margin_right = 852.0
margin_bottom = 391.0
custom_constants/separation = 10

[node name="Names" type="Label" parent="CenterContainer/VBoxContainer/Beginning"]
margin_right = 852.0
margin_bottom = 294.0
custom_fonts/font = ExtResource( 3 )
text = "Made by 
Magnus Drebenstedt

Additonal progamming by
Jonathan Krönke

Made with Godot Game Engine 

The truck model comes from the Truck Town demo of the Godot game engine.

Made as part of computer games science at University of Bayreuth"
align = 1
__meta__ = {
"_edit_use_anchors_": false
}

[node name="SpecialThanks" type="VBoxContainer" parent="CenterContainer/VBoxContainer"]
margin_top = 441.0
margin_right = 852.0
margin_bottom = 781.0
custom_constants/separation = 10

[node name="Thanks" type="Label" parent="CenterContainer/VBoxContainer/SpecialThanks"]
margin_right = 852.0
margin_bottom = 36.0
custom_fonts/font = ExtResource( 2 )
text = "Special thanks to"
align = 1

[node name="Names2" type="Label" parent="CenterContainer/VBoxContainer/SpecialThanks"]
margin_top = 46.0
margin_right = 852.0
margin_bottom = 340.0
custom_fonts/font = ExtResource( 3 )
text = "Paula
Friedrich
Jonathan
Claudius
Robin
Quang
David
Thomas
Sandra
Mutti 
Jakob"
align = 1

[node name="Music" type="VBoxContainer" parent="CenterContainer/VBoxContainer"]
margin_top = 831.0
margin_right = 852.0
margin_bottom = 1387.0
custom_constants/separation = 10

[node name="Music" type="Label" parent="CenterContainer/VBoxContainer/Music"]
margin_right = 852.0
margin_bottom = 36.0
custom_fonts/font = ExtResource( 2 )
text = "Music"
align = 1
__meta__ = {
"_edit_use_anchors_": false
}

[node name="MusicNames" type="Label" parent="CenterContainer/VBoxContainer/Music"]
margin_top = 46.0
margin_right = 852.0
margin_bottom = 556.0
custom_fonts/font = ExtResource( 3 )
text = "Wholesome by Kevin MacLeod
Free download: https://filmmusic.io/song/5050-wholesome
License (CC BY 4.0): https://filmmusic.io/standard-license
Artist website: https://incompetech.com

Bossa Antigua by Kevin MacLeod
Free download: https://filmmusic.io/song/3454-bossa-antigua
License (CC BY 4.0): https://filmmusic.io/standard-license
Artist website: https://incompetech.com

The Curtain Rises by Kevin MacLeod
Free download: https://filmmusic.io/song/5007-the-curtain-rises
License (CC BY 4.0): https://filmmusic.io/standard-license
Artist website: https://incompetech.com

Piano Sting by Alexander Nakarada
Free download: https://filmmusic.io/song/4945-piano-sting
License (CC BY 4.0): https://filmmusic.io/standard-license
Artist website: https://www.serpentsoundstudios.com/"
align = 1
__meta__ = {
"_edit_use_anchors_": false
}

[node name="Sounds" type="VBoxContainer" parent="CenterContainer/VBoxContainer"]
margin_top = 1437.0
margin_right = 852.0
margin_bottom = 3181.0
custom_constants/separation = 10

[node name="Sounds" type="Label" parent="CenterContainer/VBoxContainer/Sounds"]
margin_right = 852.0
margin_bottom = 36.0
custom_fonts/font = ExtResource( 2 )
text = "Sounds"
align = 1
__meta__ = {
"_edit_use_anchors_": false
}

[node name="SoundNames" type="Label" parent="CenterContainer/VBoxContainer/Sounds"]
margin_top = 46.0
margin_right = 852.0
margin_bottom = 1744.0
custom_fonts/font = ExtResource( 3 )
text = "S: Drill by GowlerMusic | License: Attribution 4.0
S: Short-horn.wav by 14FValtrovaT | License: Attribution Noncommercial 3.0
S: Noisy Garbage truck.WAV by mmplisskin | License: Creative Commons 0
S: Cars - truck interior while driving 2 (loud).wav by jodybruchon | License: Creative Commons 0
S: idle truck.flac by tim.kahn | License: Attribution 4.0
S: Printer by RobSp1derp1g | License: Creative Commons 0
S: Boiling Water, Large, A.wav by InspectorJ | License: Attribution 4.0
S: Garagedeur-Electrisch2.mp3 by abro | License: Creative Commons 0
S: Volkswagen Type 2_inside car_engine.wav by nhaudio | License: Attribution 3.0
S: Fuze Switch Flick by LordForklift | License: Creative Commons 0
S: Unused radio frequency by MrAuralization | License: Attribution 3.0
S: Static by groovyrandomness | License: Attribution Noncommercial 3.0
S: Toilet Flush by EminYILDIRIM | License: Attribution 4.0
S: yawn.wav by kgatto | License: Attribution 3.0
S: Swallowing by RuanZA | License: Attribution Noncommercial 3.0
S: Eating v1.mp3 by HerraBilbo | License: Attribution 3.0
S: Bike Bell 2.wav by plivesey | License: Sampling+
S: Bicycle spokes by justiiiiin | License: Attribution Noncommercial 3.0
S: Stream, Water, C.wav by InspectorJ | License: Attribution 3.0
S: Angelic Choir.wav by esistnichtsoernst | License: Creative Commons 0
S: Rocket_Thrust_02.wav by MATRIXXX_ | License: Creative Commons 0
S: Retro video game sfx - Explode by OwlStorm | License: Creative Commons 0
S: jump_1.wav by soundnimja | License: Attribution 3.0
S: Dawn Chorus Birdsong by squashy555 | License: Creative Commons 0
S: Relaxing Forest Birds Chirping in the North Woods by taavhaap | License: Attribution 3.0
S: Wind, Synthesized, A.wav by InspectorJ | License: Attribution 3.0
S: Dawn Chorus Birdsong by squashy555 | License: Creative Commons 0
S: Coins 1 by ProjectsU012 | License: Attribution 3.0
S: ClickGlass.wav by Divoljud | License: Attribution 3.0
S: table_tennis_ball.wav by reinsamba | License: Attribution 3.0
S: Picked Coin Echo by NenadSimic | License: Attribution 3.0
S: Car -  drive away.wav by soundmary | License: Attribution 3.0
S: UI Confirmation Alert, A2.wav by InspectorJ | License: Attribution 3.0
S: Key.wav by MATRIXXX_ | License: Creative Commons 0
S: backing up beep.wav by C-V | License: Creative Commons 0
S: Beep Short by florianreichelt | License: Creative Commons 0
S: motor de camion / truck engine by jusebago | License: Creative Commons 0
S: truck-inside-03 by Eelke | License: Attribution 3.0
S: Fail (Trombone wah, wah, wah…) - Sound Effect.mp3 by NikPlaymostories | License: Creative Commons 0
S: sf3-sfx-menu-select.wav by broumbroum | License: Attribution 3.0
S: Error_03.wav by distillerystudio | License: Attribution 3.0
S: menuChange.wav by victorium183 | License: Creative Commons 0
S: sf3-sfx-menu-validate.wav by broumbroum | License: Attribution 3.0
S: sf3-sfx-menu-select.wav by broumbroum | License: Attribution 3.0
S: Toilet Flushing by DeantheDinosauce | License: Creative Commons 0
S: 05969 common bicycle bell.wav by Robinhood76 | License: Attribution Noncommercial 3.0
S: bell.wav by 13gkopeckak | License: Creative Commons 0
S: Timer by avreference | License: Creative Commons 0
S: Kitchen Timer.wav by ancorapazzo | License: Attribution 3.0
S: paper_rustle_2.wav by StarTowerStudio | License: Creative Commons 0
S: Cash Register by kiddpark | License: Attribution 3.0
S: Heavy Rain by lebaston100 | License: Attribution 3.0
S: Truck.wav by Angellu16 | License: Creative Commons 0
S: Splash, Jumping, A.wav by InspectorJ | License: Attribution 3.0
S: Cthulhu growl.wav by cylon8472 | License: Attribution 3.0
S: Door - Creak.wav by JarredGibb | License: Creative Commons 0
S: techno-x--chor.wav by nowism | License: Creative Commons 0
S: Ocean Waves.wav by Noted451 | License: Creative Commons 0
S: AR15 pistol shot by michorvath | License: Creative Commons 0
S: Jet Pack.wav by thatjeffcarter | License: Attribution 3.0
S: Magic Wand Glitter by qubodup | License: Attribution 3.0
S: fairy1 by soneproject | License: Creative Commons 0
S: guitar sprinkles.wav by thatjeffcarter | License: Attribution 3.0"
align = 1
__meta__ = {
"_edit_use_anchors_": false
}

[node name="Font" type="VBoxContainer" parent="CenterContainer/VBoxContainer"]
margin_top = 3231.0
margin_right = 852.0
margin_bottom = 3322.0

[node name="Font" type="Label" parent="CenterContainer/VBoxContainer/Font"]
margin_right = 852.0
margin_bottom = 36.0
custom_fonts/font = ExtResource( 2 )
text = "Font"
align = 1

[node name="Text" type="Label" parent="CenterContainer/VBoxContainer/Font"]
margin_top = 40.0
margin_right = 852.0
margin_bottom = 91.0
custom_fonts/font = ExtResource( 3 )
text = "Lambda by GGBotNet. https://www.ggbot.net/fonts/
This font are licensed under the SIL Open Font License, Version 1.1."
align = 1

[node name="Art" type="VBoxContainer" parent="CenterContainer/VBoxContainer"]
margin_top = 3372.0
margin_right = 852.0
margin_bottom = 3625.0

[node name="Font" type="Label" parent="CenterContainer/VBoxContainer/Art"]
margin_right = 852.0
margin_bottom = 36.0
custom_fonts/font = ExtResource( 2 )
text = "Art"
align = 1

[node name="Text" type="Label" parent="CenterContainer/VBoxContainer/Art"]
margin_top = 40.0
margin_right = 852.0
margin_bottom = 253.0
custom_fonts/font = ExtResource( 3 )
text = "Bed icon by Delapouite | CC BY 3.0
Drop icon by Lorc | CC BY 3.0
Gas pump icon by Delapouite | CC BY 3.0
Mechanic garage icon by Delapouite | CC BY 3.0
Shiny apple icon by Lorc | CC BY 3.0
Speedometer icon by Delapouite | CC BY 3.0
Water bottle icon by Delapouite | CC BY 3.0
Sensuousness icon by Lorc | CC BY 3.0"
align = 1

[node name="AnimationPlayer" type="AnimationPlayer" parent="."]
anims/RESET = SubResource( 3 )
anims/Rolling = SubResource( 2 )

[node name="CreditsMusic" type="AudioStreamPlayer" parent="."]
stream = ExtResource( 5 )
volume_db = -10.0

[connection signal="animation_finished" from="AnimationPlayer" to="." method="_on_AnimationPlayer_animation_finished"]
