[gd_scene load_steps=4 format=2]

[ext_resource path="res://assets/hud/font_data/ga_hud_fontdata_regular.tres" type="DynamicFont" id=1]
[ext_resource path="res://scenes_and_scripts/level/game_menu.gd" type="Script" id=2]
[ext_resource path="res://assets/hud/font_data/ga_hud_fontdata_mini.tres" type="DynamicFont" id=3]

[node name="GameMenu" type="Control"]
pause_mode = 2
anchor_right = 1.0
anchor_bottom = 1.0
script = ExtResource( 2 )
__meta__ = {
"_edit_use_anchors_": false
}

[node name="ColorRect" type="ColorRect" parent="."]
anchor_right = 1.0
anchor_bottom = 1.0
color = Color( 0, 0, 0, 0.647059 )
__meta__ = {
"_edit_use_anchors_": false
}

[node name="CenterContainer" type="CenterContainer" parent="."]
anchor_left = 0.5
anchor_top = 0.5
anchor_right = 0.5
anchor_bottom = 0.5
margin_left = -98.5
margin_top = -115.5
margin_right = 98.5
margin_bottom = 115.5
__meta__ = {
"_edit_use_anchors_": false
}

[node name="ColorRect" type="ColorRect" parent="CenterContainer"]
margin_left = 8.0
margin_top = 50.0
margin_right = 188.0
margin_bottom = 180.0
rect_min_size = Vector2( 180, 130 )
color = Color( 0.160784, 0.243137, 0.258824, 0.588235 )

[node name="VBoxContainer" type="VBoxContainer" parent="."]
margin_left = 861.5
margin_top = 424.5
margin_right = 1058.5
margin_bottom = 655.5
alignment = 1
__meta__ = {
"_edit_use_anchors_": false
}

[node name="Continue" type="Button" parent="VBoxContainer"]
pause_mode = 2
margin_top = 23.0
margin_right = 197.0
margin_bottom = 66.0
custom_fonts/font = ExtResource( 1 )
text = "Continue"

[node name="Introduction" type="Button" parent="VBoxContainer"]
margin_top = 70.0
margin_right = 197.0
margin_bottom = 113.0
custom_fonts/font = ExtResource( 1 )
text = "Introduction"

[node name="IntroColorRect" type="ColorRect" parent="VBoxContainer/Introduction"]
visible = false
margin_left = 230.0
margin_top = -107.0
margin_right = 654.0
margin_bottom = 453.0
color = Color( 0.160784, 0.243137, 0.258824, 0.588235 )
__meta__ = {
"_edit_use_anchors_": false
}

[node name="ReferenceRect" type="ReferenceRect" parent="VBoxContainer/Introduction/IntroColorRect"]
margin_right = 424.0
margin_bottom = 560.0
border_color = Color( 0, 0, 0, 1 )
editor_only = false
__meta__ = {
"_edit_use_anchors_": false
}

[node name="Intro" type="VBoxContainer" parent="VBoxContainer/Introduction"]
visible = false
margin_left = 240.0
margin_top = -100.0
margin_right = 640.0
margin_bottom = 461.0
__meta__ = {
"_edit_use_anchors_": false
}

[node name="VBoxContainer" type="VBoxContainer" parent="VBoxContainer/Introduction/Intro"]
margin_right = 400.0
margin_bottom = 270.0
custom_constants/separation = 10

[node name="ObjectiveHead" type="Label" parent="VBoxContainer/Introduction/Intro/VBoxContainer"]
margin_right = 400.0
margin_bottom = 25.0
custom_fonts/font = ExtResource( 3 )
text = "Objective"

[node name="Objective" type="Label" parent="VBoxContainer/Introduction/Intro/VBoxContainer"]
margin_top = 35.0
margin_right = 400.0
margin_bottom = 270.0
rect_min_size = Vector2( 400, 0 )
text = "The objective of the game is to survive as long as possible. 

You'll achieve this by satisfying your needs, navigating your truck through the world without damage and taking care of your gasoline.

To manage this, you'll have to earn money, which you'll get by making deliveries on time. You can spend the money in various places, such as restrooms, grocery stores and car repair. 

You lose the game as soon as your general condition drops to 0, your truck breaks down or you run out of gas.
"
autowrap = true

[node name="VBoxContainer2" type="VBoxContainer" parent="VBoxContainer/Introduction/Intro"]
margin_top = 274.0
margin_right = 400.0
margin_bottom = 561.0
custom_constants/separation = 10

[node name="ControlsHead" type="Label" parent="VBoxContainer/Introduction/Intro/VBoxContainer2"]
margin_right = 400.0
margin_bottom = 25.0
rect_min_size = Vector2( 400, 0 )
custom_fonts/font = ExtResource( 3 )
text = "Controls"
autowrap = true

[node name="Controls" type="Label" parent="VBoxContainer/Introduction/Intro/VBoxContainer2"]
margin_top = 35.0
margin_right = 400.0
margin_bottom = 287.0
rect_min_size = Vector2( 400, 0 )
text = "WASD: gas, brake, steer
Mouse: Look around
Spacebar: Handbrake

E: Interact

1: Eat
2: Drinking

Tab: Switch camera 
Capslock: Zoom out minimap
Shift: Cruise control

R: Radio on/off
"
autowrap = true

[node name="OptionsButton" type="Button" parent="VBoxContainer"]
visible = false
margin_top = 94.0
margin_right = 197.0
margin_bottom = 137.0
custom_fonts/font = ExtResource( 1 )
text = "Options"

[node name="OptionsColorRect" type="ColorRect" parent="VBoxContainer/OptionsButton"]
visible = false
margin_left = 143.0
margin_top = -110.0
margin_right = 359.0
margin_bottom = 186.0
rect_min_size = Vector2( 200, 200 )
color = Color( 0.160784, 0.243137, 0.258824, 0.588235 )
__meta__ = {
"_edit_use_anchors_": false
}

[node name="ReferenceRect" type="ReferenceRect" parent="VBoxContainer/OptionsButton/OptionsColorRect"]
margin_right = 216.0
margin_bottom = 296.0
border_color = Color( 0, 0, 0, 1 )
editor_only = false
__meta__ = {
"_edit_use_anchors_": false
}

[node name="Options" type="VBoxContainer" parent="VBoxContainer/OptionsButton"]
visible = false
margin_left = 150.0
margin_top = -100.0
margin_right = 350.0
margin_bottom = 106.0
custom_constants/separation = 18
__meta__ = {
"_edit_use_anchors_": false
}

[node name="MouseSensitivity" type="VBoxContainer" parent="VBoxContainer/OptionsButton/Options"]
margin_right = 200.0
margin_bottom = 66.0
rect_min_size = Vector2( 200, 0 )
custom_constants/separation = 7
__meta__ = {
"_edit_use_anchors_": false
}

[node name="Label" type="Label" parent="VBoxContainer/OptionsButton/Options/MouseSensitivity"]
margin_right = 200.0
margin_bottom = 25.0
custom_fonts/font = ExtResource( 3 )
text = "Gameplay"
align = 1

[node name="VBoxContainer" type="VBoxContainer" parent="VBoxContainer/OptionsButton/Options/MouseSensitivity"]
margin_top = 32.0
margin_right = 200.0
margin_bottom = 66.0

[node name="Label2" type="Label" parent="VBoxContainer/OptionsButton/Options/MouseSensitivity/VBoxContainer"]
margin_right = 200.0
margin_bottom = 14.0
text = "Mouse sensivitiy"
align = 1

[node name="HBoxContainer" type="HBoxContainer" parent="VBoxContainer/OptionsButton/Options/MouseSensitivity/VBoxContainer"]
margin_top = 18.0
margin_right = 200.0
margin_bottom = 34.0
alignment = 1

[node name="Label" type="Label" parent="VBoxContainer/OptionsButton/Options/MouseSensitivity/VBoxContainer/HBoxContainer"]
margin_left = 19.0
margin_top = 1.0
margin_right = 48.0
margin_bottom = 15.0
text = "High"

[node name="MouseSlider" type="HSlider" parent="VBoxContainer/OptionsButton/Options/MouseSensitivity/VBoxContainer/HBoxContainer"]
margin_left = 52.0
margin_right = 152.0
margin_bottom = 16.0
rect_min_size = Vector2( 100, 0 )
min_value = 1.0
max_value = 20.0
value = 5.0

[node name="SensitivyLabel" type="Label" parent="VBoxContainer/OptionsButton/Options/MouseSensitivity/VBoxContainer/HBoxContainer"]
margin_left = 156.0
margin_top = 1.0
margin_right = 181.0
margin_bottom = 15.0
text = "Low"
__meta__ = {
"_edit_use_anchors_": false
}

[node name="Resolution" type="VBoxContainer" parent="VBoxContainer/OptionsButton/Options"]
margin_top = 84.0
margin_right = 200.0
margin_bottom = 277.0
custom_constants/separation = 7

[node name="Label" type="Label" parent="VBoxContainer/OptionsButton/Options/Resolution"]
margin_right = 200.0
margin_bottom = 25.0
custom_fonts/font = ExtResource( 3 )
text = "Graphics"
align = 1

[node name="Resolution" type="Label" parent="VBoxContainer/OptionsButton/Options/Resolution"]
margin_top = 32.0
margin_right = 200.0
margin_bottom = 46.0
text = "Resolution"
align = 1

[node name="ResolutionOptions" type="OptionButton" parent="VBoxContainer/OptionsButton/Options/Resolution"]
margin_top = 53.0
margin_right = 200.0
margin_bottom = 73.0
align = 1

[node name="CheckBox" type="CheckBox" parent="VBoxContainer/OptionsButton/Options/Resolution"]
margin_top = 80.0
margin_right = 200.0
margin_bottom = 104.0
text = "Fullscreen"

[node name="ShadowsCheckBox" type="CheckBox" parent="VBoxContainer/OptionsButton/Options/Resolution"]
margin_top = 111.0
margin_right = 200.0
margin_bottom = 135.0
pressed = true
text = "Shadows "
__meta__ = {
"_edit_use_anchors_": false
}

[node name="SSAO" type="CheckBox" parent="VBoxContainer/OptionsButton/Options/Resolution"]
margin_top = 142.0
margin_right = 200.0
margin_bottom = 166.0
pressed = true
text = "SSAO "
__meta__ = {
"_edit_use_anchors_": false
}

[node name="MSAACheckBox" type="OptionButton" parent="VBoxContainer/OptionsButton/Options/Resolution"]
margin_top = 173.0
margin_right = 200.0
margin_bottom = 193.0

[node name="TowingService" type="Button" parent="VBoxContainer"]
visible = false
margin_top = 47.0
margin_right = 197.0
margin_bottom = 90.0
custom_fonts/font = ExtResource( 1 )
disabled = true
text = "Towing Service"

[node name="Save" type="Button" parent="VBoxContainer"]
visible = false
margin_top = 70.0
margin_right = 197.0
margin_bottom = 113.0
custom_fonts/font = ExtResource( 1 )
disabled = true
text = "Save"

[node name="Main Menu" type="Button" parent="VBoxContainer"]
margin_top = 117.0
margin_right = 197.0
margin_bottom = 160.0
custom_fonts/font = ExtResource( 1 )
text = "Main Menu"

[node name="Quit" type="Button" parent="VBoxContainer"]
margin_top = 164.0
margin_right = 197.0
margin_bottom = 207.0
custom_fonts/font = ExtResource( 1 )
text = "Quit Game"

[connection signal="pressed" from="VBoxContainer/Continue" to="." method="_on_Continue_pressed"]
[connection signal="pressed" from="VBoxContainer/Introduction" to="." method="_on_Introduction_pressed"]
[connection signal="pressed" from="VBoxContainer/OptionsButton" to="." method="_on_OptionsButton_pressed"]
[connection signal="pressed" from="VBoxContainer/TowingService" to="." method="_on_TowingService_pressed"]
[connection signal="button_down" from="VBoxContainer/Main Menu" to="." method="_on_Main_Menu_button_down"]
[connection signal="pressed" from="VBoxContainer/Quit" to="." method="_on_Quit_pressed"]
